<record><leader>00000cas a2200000 a 4500</leader><controlfield tag="001">2267563</controlfield><controlfield tag="008">760620d18011815ohuwr ne      0    0eng c</controlfield><datafield ind1=" " ind2=" " tag="010"><subfield code="a">sn 83045185 </subfield></datafield><datafield ind1=" " ind2=" " tag="040"><subfield code="a">PIT</subfield><subfield code="b">eng</subfield><subfield code="c">PIT</subfield><subfield code="d">NPW</subfield><subfield code="d">NPY</subfield><subfield code="d">NPV</subfield><subfield code="d">NPX</subfield><subfield code="d">DLC</subfield><subfield code="d">NPI</subfield><subfield code="d">ONP</subfield><subfield code="d">NPH</subfield><subfield code="d">ONP</subfield><subfield code="d">KNP</subfield><subfield code="d">MGN</subfield><subfield code="d">CNK</subfield><subfield code="d">CNW</subfield><subfield code="d">IUL</subfield><subfield code="d">NVK</subfield><subfield code="d">NVF</subfield><subfield code="d">OCL</subfield><subfield code="d">CVF</subfield><subfield code="d">IUL</subfield><subfield code="d">DLC</subfield><subfield code="d">IUL</subfield><subfield code="d">CRL</subfield><subfield code="d">CUI</subfield><subfield code="d">OCLCQ</subfield><subfield code="d">OCLCF</subfield></datafield><datafield ind1="1" ind2=" " tag="029"><subfield code="a">AU@</subfield><subfield code="b">000020399569</subfield></datafield><datafield ind1=" " ind2=" " tag="042"><subfield code="a">pcc</subfield></datafield><datafield ind1=" " ind2=" " tag="043"><subfield code="a">n-us-oh</subfield></datafield><datafield ind1="0" ind2="0" tag="050"><subfield code="a">Newspaper</subfield></datafield><datafield ind1=" " ind2="4" tag="050"><subfield code="a">AN</subfield></datafield><datafield ind1="0" ind2=" " tag="130"><subfield code="a">Scioto gazette (Chillicothe, Ross County, Ohio : 1801)</subfield></datafield><datafield ind1="1" ind2="4" tag="245"><subfield code="a">The Scioto gazette.</subfield></datafield><datafield ind1=" " ind2=" " tag="260"><subfield code="a">Chillicothe, North-Western Territory [Ohio] :</subfield><subfield code="b">Winship and Willis</subfield></datafield><datafield ind1=" " ind2=" " tag="300"><subfield code="a">v.</subfield></datafield><datafield ind1=" " ind2=" " tag="310"><subfield code="a">Weekly</subfield></datafield><datafield ind1="1" ind2=" " tag="362"><subfield code="a">Began Jan. 1, 1801; ceased Aug. 3, 1815.</subfield></datafield><datafield ind1=" " ind2=" " tag="500"><subfield code="a">Printers: Winship &amp; Willis, 1801; N. Willis, 1801-1805; J.S. Collins &amp; Co., 1805-&lt;1812&gt;; James Barnes, &lt;1813&gt;-1815.</subfield></datafield><datafield ind1=" " ind2=" " tag="500"><subfield code="a">Editor: P. Parcels, 1805-1809.</subfield></datafield><datafield ind1=" " ind2=" " tag="515"><subfield code="a">Suspended Apr. 24-May 22, 1802.</subfield></datafield><datafield ind1=" " ind2=" " tag="530"><subfield code="a">Available on microfilm from Microfilm Corp., Cleveland Ohio and Readex Microfilm Products (filmed with other items).</subfield></datafield><datafield ind1=" " ind2=" " tag="580"><subfield code="a">Merged with: Scioto gazette and Chillicothe advertiser; to form: Fredonian (Chillicothe, Ross County, Ohio : 1811).</subfield></datafield><datafield ind1=" " ind2=" " tag="588"><subfield code="a">Description based on: Vol. 1, no. 38 (Jan. 8, 1801).</subfield></datafield><datafield ind1=" " ind2=" " tag="588"><subfield code="a">Latest issue consulted: Vol. 8, no. 393 (Feb. 8, 1808).</subfield></datafield><datafield ind1=" " ind2="0" tag="651"><subfield code="a">Chillicothe (Ross County, Ohio)</subfield><subfield code="v">Newspapers.</subfield></datafield><datafield ind1=" " ind2="0" tag="651"><subfield code="a">Ross County (Ohio)</subfield><subfield code="v">Newspapers.</subfield></datafield><datafield ind1=" " ind2="7" tag="655"><subfield code="a">Newspapers.</subfield><subfield code="2">fast</subfield><subfield code="0">(OCoLC)fst01423814</subfield></datafield><datafield ind1=" " ind2="7" tag="651"><subfield code="a">Ohio</subfield><subfield code="z">Chillicothe (Ross County)</subfield><subfield code="2">fast</subfield><subfield code="0">(OCoLC)fst01312400</subfield></datafield><datafield ind1=" " ind2="7" tag="651"><subfield code="a">Ohio</subfield><subfield code="z">Ross County.</subfield><subfield code="2">fast</subfield><subfield code="0">(OCoLC)fst01213452</subfield></datafield><datafield ind1="1" ind2=" " tag="700"><subfield code="a">Winship, Winn.</subfield></datafield><datafield ind1="1" ind2=" " tag="700"><subfield code="a">Willis, Nathaniel,</subfield><subfield code="d">1755-1831.</subfield></datafield><datafield ind1="1" ind2=" " tag="700"><subfield code="a">Parcels, Peter.</subfield></datafield><datafield ind1=" " ind2=" " tag="752"><subfield code="a">United States</subfield><subfield code="b">Ohio</subfield><subfield code="c">Ross</subfield><subfield code="d">Chillicothe.</subfield></datafield><datafield ind1="0" ind2="8" tag="776"><subfield code="i">Online version:</subfield><subfield code="t">Scioto gazette (Chillicothe, Ross County, Ohio : 1801 : Online)</subfield><subfield code="w">(OCoLC)680294218</subfield></datafield><datafield ind1="0" ind2="0" tag="780"><subfield code="t">Scioto gazette and Chillicothe advertiser</subfield><subfield code="w">(DLC)sn 83035625</subfield><subfield code="w">(OCoLC)10185935</subfield></datafield><datafield ind1="1" ind2="7" tag="785"><subfield code="t">Fredonian (Chillicothe, Ross County, Ohio : 1811)</subfield><subfield code="w">(DLC)sn 83035624</subfield><subfield code="w">(OCoLC)10185921</subfield></datafield><datafield ind1="1" ind2="7" tag="785"><subfield code="t">Scioto gazette and Fredonian chronicle</subfield><subfield code="w">(DLC)sn 83035626</subfield><subfield code="w">(OCoLC)10185989</subfield></datafield></record>